

@misc{lecture,
  title        = {Lecture 02 Sumcheck Protocol, Foundations of Probabilistic Proofs},
  author       = {Alessandro Chiesa},
  year         = {2025},
  month        = sept
}